@article{mmh-rs-2024,
  title={MMH-RS: Merkle-Seeded Storage Engine},
  author={MMH-RS Team},
  journal={Technical Specification},
  year={2024},
  note={Version 3.0}
}

@techreport{raptorq-2011,
  title={RaptorQ Forward Error Correction Scheme for Object Delivery},
  author={Luby, Michael and Shokrollahi, Amin and Watson, Mark and Stockhammer, Thomas},
  institution={RFC 6330},
  year={2011}
}

@inproceedings{buzhash-1994,
  title={A New Hash Function for Fast Software Applications},
  author={Buzhash},
  booktitle={Fast Software Encryption},
  year={1994}
}

@article{zstd-2016,
  title={Zstandard: Fast and efficient compression algorithm},
  author={Collet, Yann},
  journal={Facebook Engineering},
  year={2016}
} 